<record><leader>00000cas a22000007a 4500</leader><controlfield tag="001">24640049</controlfield><controlfield tag="008">911029d189u1912nyuir ne      0    0eng d</controlfield><datafield ind1=" " ind2=" " tag="010"><subfield code="a">sn 91066951 </subfield></datafield><datafield ind1=" " ind2=" " tag="040"><subfield code="a">NYS</subfield><subfield code="b">eng</subfield><subfield code="c">NYS</subfield><subfield code="d">OCLCQ</subfield></datafield><datafield ind1=" " ind2=" " tag="042"><subfield code="a">msc</subfield></datafield><datafield ind1="0" ind2="4" tag="245"><subfield code="a">The Rome tri-weekly Republican.</subfield></datafield><datafield ind1="3" ind2="0" tag="246"><subfield code="a">Rome Republican</subfield></datafield><datafield ind1=" " ind2=" " tag="260"><subfield code="a">Rome, N.Y. :</subfield><subfield code="b">J.J. Guernsey</subfield></datafield><datafield ind1=" " ind2=" " tag="300"><subfield code="a">v.</subfield></datafield><datafield ind1=" " ind2=" " tag="310"><subfield code="a">Triweekly</subfield></datafield><datafield ind1="1" ind2=" " tag="362"><subfield code="a">Ceased in 1912?</subfield><subfield code="z">Cf. Gregory, W. Amer. newspapers.</subfield></datafield><datafield ind1=" " ind2=" " tag="500"><subfield code="a">"Tri-weekly" appears within masthead ornament.</subfield></datafield><datafield ind1=" " ind2=" " tag="500"><subfield code="a">Published every Tuesday, Thursday, and Saturday.</subfield></datafield><datafield ind1=" " ind2=" " tag="588"><subfield code="a">Description based on: Vol. 18, no. 40 (Feb. 23, 1899).</subfield></datafield><datafield ind1=" " ind2=" " tag="588"><subfield code="a">Latest issue consulted: Vol. 18, no. 44 (Mar. 4, 1899).</subfield></datafield><datafield ind1=" " ind2="4" tag="651"><subfield code="a">Rome (N.Y.)</subfield><subfield code="v">Newspapers.</subfield></datafield><datafield ind1=" " ind2=" " tag="752"><subfield code="a">United States</subfield><subfield code="b">New York</subfield><subfield code="c">Oneida</subfield><subfield code="d">Rome.</subfield></datafield><datafield ind1="0" ind2="0" tag="780"><subfield code="t">Rome Republican (Rome, N.Y. : 1881)</subfield><subfield code="w">(DLC)sn 91066945</subfield><subfield code="w">(OCoLC)24568933</subfield></datafield><datafield ind1="1" ind2=" " tag="029"><subfield code="a">AU@</subfield><subfield code="b">000025854378</subfield></datafield></record>